@ARTICLE{Galvez2015, 
author={C. Gálvez and J. Torres and J. M. Menéndez}, 
journal={IET Intelligent Transport Systems}, 
title={Vacant parking area estimation through background subtraction and transience map analysis}, 
year={2015}, 
volume={9}, 
number={9}, 
pages={835-841}, 
keywords={object detection;object tracking;traffic engineering computing;video signal processing;Gaussian mixture;background subtraction;multiple moving object;nondelimited free parking areas;outdoor illumination condition;static surveillance camera;transience map analysis;vacant parking area estimation;vehicle detection;vehicle occlusion;vehicle tracking;video frame temporal analysis}, 
doi={10.1049/iet-its.2014.0090}, 
ISSN={1751-956X}, 
month={},}

@mastersthesis{Galvez2015Thesis,
   author = {Gálvez, Carlos},
   institution = {KTH, Computer Vision and Active Perception, CVAP},
   school = {KTH, Computer Vision and Active Perception, CVAP},
   title = {Grid-Based Multi-Sensor Fusion for On-Road Obstacle Detection: Application to Autonomous Driving},
   year = {2015}
}